<?xml version="1.0" encoding="UTF-8"?><collection xmlns="http://www.loc.gov/MARC21/slim"><record><leader>00358nam--2200133-i-4500</leader><controlfield tag="001">000024481</controlfield><controlfield tag="002">20161230</controlfield><controlfield tag="005">20161230201035</controlfield><controlfield tag="008">060222s1000------------r-----000-0-eng-d</controlfield><datafield ind1=" " ind2=" " tag="080"><subfield code="a">531.19</subfield></datafield><datafield ind1=" " ind2=" " tag="100"><subfield code="a">Heer, C.V</subfield></datafield><datafield ind1=" " ind2=" " tag="245"><subfield code="a">Statistical mechanics, kinetic theory and stochastic processes</subfield></datafield><datafield ind1=" " ind2=" " tag="260"><subfield code="a">New York, Academic Press, 1972, Xvi + 602p</subfield></datafield><datafield ind1=" " ind2=" " tag="852"><subfield code="a">77676</subfield></datafield></record></collection>